@online{Nakamoto_bitcoin,
    author = {Satoshi Nakamoto},
    title = {Bitcoin: A peer-to-peer electronic cash system}, 
    url= {http://bitcoin.org/bitcoin.pdf},
    year = {2009},
}

@article{Brooklyn_Mengelkamp,
title = "Designing microgrid energy markets: A case study: The Brooklyn Microgrid",
journal = "Applied Energy",
volume = "210",
pages = "870 - 880",
year = "2017",
issn = "0306-2619",
doi = "https://doi.org/10.1016/j.apenergy.2017.06.054",
url = "http://www.sciencedirect.com/science/article/pii/S030626191730805X",
author = "Esther Mengelkamp and Johannes Gärttner and Kerstin Rock and Scott Kessler and Lawrence Orsini and Christof Weinhardt",
}

@INPROCEEDINGS{NRGcoin_Mihaylov, 
author={M. Mihaylov and S. Jurado and N. Avellana and K. Van Moffaert and I. M. de Abril and A. Nowé}, 
booktitle={11th International Conference on the European Energy Market (EEM14)}, 
title={NRGcoin: Virtual currency for trading of renewable energy in smart grids}, 
year={2014}, 
pages={1-6}, 
doi={10.1109/EEM.2014.6861213}, 
ISSN={2165-4077}, 
}

@INPROCEEDINGS{Microgrid_konashevych,
author={O.I. Konashevych},
booktitle={Electronic Modeling - Vol. 38, No. 2},
title={Advantages and Current Issues of Blockchain Use in Microgrids},
issn={004.75:620.9:336.7},
year={2016},
pages={93-103},
url={http://dspace.nbuv.gov.ua/handle/123456789/101347},
}
@article{hbr_grid,
title={How Utilities Are Using Blockchain to Modernize the Grid},
author={James Basden and Michael Cottrell},
journal={Hardware Business Review},
year={2017},
url={https://hbr.org/2017/03/how-utilities-are-using-blockchain-to-modernize-the-grid},
}

@article{Mengelkamp2017,
author="Mengelkamp, Esther
and Notheisen, Benedikt
and Beer, Carolin
and Dauer, David
and Weinhardt, Christof",
title="A blockchain-based smart grid: towards sustainable local energy markets",
journal="Computer Science - Research and Development",
year="2017",
month="Aug",
day="22",
issn="1865-2042",
doi="10.1007/s00450-017-0360-9",
url="https://doi.org/10.1007/s00450-017-0360-9"
}

@ARTICLE{Li_merkel_grid, 
author={H. Li and R. Lu and L. Zhou and B. Yang and X. Shen}, 
journal={IEEE Systems Journal}, 
title={An Efficient Merkle-Tree-Based Authentication Scheme for Smart Grid}, 
year={2014}, 
volume={8}, 
number={2}, 
pages={655-663}, 
doi={10.1109/JSYST.2013.2271537}, 
ISSN={1932-8184}, 
month={June},
}

@misc{Ethereum_visions,
author = {Buterin, Vitalik},
title = {Visions Part 1: The Value of Blochain Technology},
journal = {Ethereum},
type = {Blog},
year = {2015},
month={04},
url={https://blog.ethereum.org/2015/04/13/visions-part-1-the-value-of-blockchain-technology/},
}

@misc{Ethereum_pub_priv,
author = {Buterin, Vitalik},
title = {On Public and Private Blockchains},
journal = {Ethereum},
type = {Blog},
year = {2015},
month={08},
url = {https://blog.ethereum.org/2015/08/07/on-public-and-private-blockchains/},
}

@INPROCEEDINGS{Zheng_overview, 
author={Z. Zheng and S. Xie and H. Dai and X. Chen and H. Wang}, 
booktitle={2017 IEEE International Congress on Big Data (BigData Congress)}, 
title={An Overview of Blockchain Technology: Architecture, Consensus, and Future Trends}, 
year={2017}, 
pages={557-564}, 
month={06},
}

@Article{Nofer,
author="Nofer, Michael
and Gomber, Peter
and Hinz, Oliver
and Schiereck, Dirk",
title="Blockchain",
journal="Business {\&} Information Systems Engineering",
year="2017",
month="06",
day="01",
volume="59",
number="3",
pages="183--187",
issn="1867-0202",
doi="10.1007/s12599-017-0467-3",
}

@InProceedings{Li_pos,
author="Li, Wenting
and Andreina, S{\'e}bastien
and Bohli, Jens-Matthias
and Karame, Ghassan",
editor="Garcia-Alfaro, Joaquin
and Navarro-Arribas, Guillermo
and Hartenstein, Hannes
and Herrera-Joancomart{\'i}, Jordi",
title="Securing Proof-of-Stake Blockchain Protocols",
booktitle="Data Privacy Management, Cryptocurrencies and Blockchain Technology",
year="2017",
publisher="Springer International Publishing",
address="Cham",
pages="297--315",
isbn="978-3-319-67816-0",
}

@article{economist_chain,
title={The great chain of being sure about things},
author={David Parkins},
journal={The Economist},
year={2015},
month={10},
date={31},
url={https://www.economist.com/news/briefing/21677228-technology-behind-bitcoin-lets-people-who-do-not-know-or-trust-each-other-build-dependable},
}

@article{Thompson_private,
author={Collin Thompson},
title={Private Blockchain or Database? How to Determine the Difference},
year ={2016},
month={10},
date={4},
url={https://medium.com/blockchain-review/private-blockchain-or-database-whats-the-difference-523e7d42edc},
journal={The Blockchain Review},
}

@article{hbr_safe,
author={Allison Berke},
title={How Safe Are Blockchains? It Depends.},
journal={Harward Business Review},
year={2017},
month={03},
date={07},
url={https://hbr.org/2017/03/how-safe-are-blockchains-it-depends},
}


@ARTICLE{decentralized_energy_trading, 
author={N. Zhumabekuly Aitzhan and D. Svetinovic}, 
journal={IEEE Transactions on Dependable and Secure Computing}, 
title={Security and Privacy in Decentralized Energy Trading through Multi-signatures, Blockchain and Anonymous Messaging Streams}, 
year={2016}, 
number={99}, 
pages={1-14},  
doi={10.1109/TDSC.2016.2616861}, 
ISSN={1545-5971}, 
month={10},
}

@online{Chakravarty_guide,
author={Chakravarty, Abhishek},
title={The Product Manager's guide to the Blockchain - Part 1},
url={https://hackernoon.com/the-product-managers-guide-to-the-blockchain-part-1-fb95dfb7af31},
year={2016},
month={12},
date={23},
}

@online{twisted,
title={Twisted Matrix Labs},
url={https://twistedmatrix.com/trac/},
}

@online{python,
title={Python Software Foundation},
url={https://www.python.org/},
}

@online{hashlib,
title={hashlib - Secure hashes and message digests},
url={https://docs.python.org/3/library/hashlib.html},
}

@online{ethereum.org,
title={Ethereum - Blockchain App Platform},
url={https://www.ethereum.org/},
}

@article{Buterin,
title={Who created Ethereum},
author={Alyssa Hertig},
journal={Conidesk},
url={https://www.coindesk.com/information/who-created-ethereum/},
year={2017},
month={03},
}

@techreport{ether_white_paper,
title = {Ethereum White Paper},
author = {Vitalik Buterin},
year = {2013},
institution = {Ethereum Foundation},
url={https://github.com/ethereum/wiki/wiki/White-Paper},
}

@online{ethereum_docs,
title={What is Ethereum?},
url={http://www.ethdocs.org/en/latest/introduction/what-is-ethereum.html},
}

@article{silk,
title={From marijuana to LSD, now illegal drugd delivered on your doorstep},
author ={Amrutha Gayathri},
journal={International Business Times},
year={2011},
month={06},
}

@online{wirex,
title={Sending Money? Why Not Do it with Bitcoin},
url = {https://wirexapp.com/use-bitcoin-send-receive-international-money-transfers/},
author={Alex Lielacher},
year={2017},
month={12},
}

@article{world_bank_group,
title={Remittance Prices Worldwide},
author={World Bank Group},
url={https://remittanceprices.worldbank.org/sites/default/files/rpw_report_march_2017.pdf},
year={2017},
month={03},
}

@online{transfer_time,
title={How Long do Bitcoin TransactionsTake?},
url={https://coincentral.com/how-long-do-bitcoin-transfers-take/},
author={Steven Buchko},
year={2017},
month={12},
}

@article{lighthouse,
title={Bitcoin-Powered Crowdfunding App Lighthouse Has Launched},
url={https://www.coindesk.com/bitcoin-powered-crowdfunding-app-lighthouse-launches-open-beta/},
author={Stan Higgins},
journal={Coindesk},
year={2015},
monht={01},
}

@online{dnn,
title={News by the people, for the people},
url={https://dnn.media/},
}

@online{uport, 
title={Open Identity System for the Decentralized Web},
url={https://uport.me},
}

@online{fabric,
title={Hyperledger Fabric},
author={Linux Foundation},
}

@online{hyperledger,
title={About Hyperledger},
author={Linux Foundation},
url={https://www.hyperledger.org/about},
}

@online{industries,
title={Industries},
author={Linux Foundation},
url={https://www.hyperledger.org/industries},
}

@online{bank,
title={SWIFT's Blockchain Pilot For Bank-To-Bank Transfers Went Extremely Well},
\author={Molly Jane Zuckerman},
\year={2018},
\month={03},
\url={https://cointelegraph.com/news/swifts-blockchain-pilot-for-bank-to-bank-transfers-went-extremely-well},
}

@online{evoting,
title={eVoting in Poland becomes a moonshot with blockchain},
author={Maciek Jedrzejczyk},
year={2018},
month={01},
url={https://www.linkedin.com/pulse/evoting-poland-becomes-moonshot-blockchain-maciek-j%C4%99drzejczyk/?trackingId=hIoC1Jyjj0c58Ts6MwpEMA%3D%3Dtd%3E},
}

@online{nadgrid,
title={A peer-to-peer platform for efficient trade of electricity},
url={https://www.nadgrid.com/},
}

@article{border,
title={Japanese Shipping Giant, IBM to Trial Blockchain in Cross Border Trade},
author={Sujha Sundarajan},
journal={Coindesk},
year={2017},
month={12},
url={https://www.coindesk.com/japanese-shipping-giant-ibm-to-trial-blockchain-in-cross-border-trade/},
}

@online{bitcoin_energy,
title={Bitcoin Energy Consumption Index},
url={https://digiconomist.net/bitcoin-energy-consumption},
}



@online{Driscoll,
title={How Bitcoin works under the hood},
author={Scott Driscoll},
url={http://www.imponderablethings.com/2013/07/how-bitcoin-works-under-hood.html},
}


@ARTICLE{mining,
   author = {K.J. O'Dwyer},
   affiliation = {Hamilton Inst., Nat. Univ. of Ireland, Maynooth},
   affiliation = {Hamilton Inst., Nat. Univ. of Ireland, Maynooth},
   title = {Bitcoin Mining and its Energy Footprint},
   journal = {IET Conference Proceedings},
   year = {2014},
   month = {01},
   pages = {280-285(5)},
   publisher ={Institution of Engineering and Technology},
   url = {http://digital-library.theiet.org/content/conferences/10.1049/cp.2014.0699}
}

@article{byzantine_lamport,
author = {Lamport, Leslie and Shostak, Robert and Pease, Marshall},
title = {The Byzantine Generals Problem},
journal = {ACM Trans. Program. Lang. Syst.},
issue_date = {July 1982},
volume = {4},
number = {3},
month = {07},
year = {1982},
issn = {0164-0925},
numpages = {20},
url = {http://doi.acm.org/10.1145/357172.357176},
doi = {10.1145/357172.357176},
publisher = {ACM},
}

@techreport{understanding_consensus,
url={https://www.persistent.com/wp-content/uploads/2017/04/WP-Understanding-Blockchain-Consensus-Models.pdf},
title={Understanding Blockchain Consensus Modles},
author={Dr. Arati Baliga},
year={2017},
month={04},
}

@online{ethereum_wiki,
title = {Ethereum wiki - Proof of Stake FAQ},
url= {https://github.com/ethereum/wiki/wiki/Proof-of-Stake-FAQ},
}

@article{rich,
title={The economics of the Proof of Stake consensus algorithm - Proof of Stake: an economic analysis},
author={Gert Rammeloo},
journal={Meduim},
url={https://medium.com/@gertrammeloo/the-economics-of-the-proof-of-stake-consensus-algorithm-e28adf63e9db},
year={2017},
}

@online{rich2,
title={Proof of Stake - The Rich get Richer...Less!},
url={https://steemit.com/crypto/@neoversion6/proof-of-stake-the-rich-get-richer-less},
year={2018},
}

@inproceedings{paxos,
  title={Paxos Made Simple},
  author={Leslie Lamport},
  year={2001}
}

@article{pbft,
author = {Castro, Miguel and Liskov, Barbara},
title = {Practical Byzantine Fault Tolerance and Proactive Recovery},
journal = {ACM Trans. Comput. Syst.},
issue_date = {November 2002},
volume = {20},
number = {4},
month = {11},
year = {2002},
issn = {0734-2071},
pages = {398--461},
numpages = {64},
url = {http://doi.acm.org/10.1145/571637.571640},
doi = {10.1145/571637.571640},
acmid = {571640},
publisher = {ACM},
}

@inproceedings{raft,
author = {Ongaro, Diego and Ousterhout, John},
title = {In Search of an Understandable Consensus Algorithm},
booktitle = {Proceedings of the 2014 USENIX Conference on USENIX Annual Technical Conference},
year = {2014},
isbn = {978-1-931971-10-2},
pages = {305--320},
numpages = {16},
url = {http://dl.acm.org/citation.cfm},
id={2643634.2643666},
publisher = {USENIX Association},
}

@online{hyperledger_pbft,
title={Hyperledger Fabric Ordering Service},
url={https://github.com/hyperledger/fabric/blob/13447bf5ead693f07285ce63a1903c5d0d25f096/orderer/README.md},
}

@article{micro_securicon,
title = {Introduction to Microgrids},
author={Ernie Hayden},
url={https://www.securicon.com/sites/default/files/Introduction%20to%20Microgrids%20-%20Securicon%20-%202013_1.pdf},
}

@online{general_microgrid,
title= {Microgrids, the self-healing solution},
url={https://www.generalmicrogrids.com/about-microgrids},
}

@online{abb,
title={Introduction to Microgrids},
author={ABB},
url={http://new.abb.com/distributed-energy-microgrids/introduction-to-microgrids},
}

@online{sandy,
title={How Microgrids Helped Weather Hurrican Sandy},
url={https://www.greentechmedia.com/articles/read/how-microgrids-helped-weather-hurricane-sandy#gs.gO_LP24},
}

@article{cryptoeconomics,
  title={11 Blockchain technology: principles and applications},
  author={Pilkington, Marc},
  journal={Research handbook on digital transformations},
  pages={225},
  year={2016},
  publisher={Edward Elgar Publishing}
}

@inproceedings{taxonomy, 
author={X. Xu and I. Weber and M. Staples and L. Zhu and J. Bosch and L. Bass and C. Pautasso and P. Rimba}, 
booktitle={2017 IEEE International Conference on Software Architecture (ICSA)}, 
title={A Taxonomy of Blockchain-Based Systems for Architecture Design}, 
year={2017}, 
pages={243-252}, 
doi={10.1109/ICSA.2017.33}, 
month={04},
}

@online{bm101,
title={Brooklyn Microgrid 101},
url={http://brooklynmicrogrid.com/},
}

@online{simens_bm,
title={A Microgrid Grows in Brooklyn},
url={https://www.siemens.com/innovation/en/home/pictures-of-the-future/energy-and-efficiency/smart-grids-and-energy-storage-microgrid-in-brooklyn.html},
}

@article{medium_bm,
title={Can the Brooklyn Microgrid project revolutionize the energy marke?},
author={Urszula Papajak},
journal={Medium},
url={https://medium.com/thebeammagazine/can-the-brooklyn-microgrid-project-revolutionise-the-energy-market-ae2c13ec0341},
year={2017},
month={11},
}

@article{motherboard_bm,
title={Brooklyn's 'Microgrid' Did Its First Solar Energy Sale},
author={Clinton Nguyen},
year={2016},
month={04},
journal={Motherboard, Vice},
url={https://motherboard.vice.com/en_us/article/d7y7n7/transactive-grid-ethereum-brooklyn-microgrid},
}

@techreport{exergy,
title={Electric Power Technical Whitpaper},
year={2017},
month={12},
url={https://exergy.energy/wp-content/uploads/2017/12/Exergy-Whitepaper-v8.pdf},
}

@online{nad,
title={How NAD Grid Work},
url={https://nadgrid.com/},
}

@online{nad_youtube ,
title={NAD Grid - Thomas Sun - APAC Blockchain Conference 2018},
author={Coinstar},
year={2018},
month={03},
organization={Youtube},
url={https://www.youtube.com/watch?v=euTqN3ZJE00},
}

@techreport{powerledger,
title={Power Ledger White Paper},
url= {https://powerledger.io/media/Power-Ledger-Whitepaper-v8.pdf},
year={2018},
}

@online{pl_home, 
title = {Power Ledger},
url={https://powerledger.io},
}

@article{tu,
title={Blokkjeder år fart på verdenshandelen},
author={Claude R. Olsen},
journal={Teknisk Ukebland},
pages={76-81},
year={2018},
month={04},
publisher={Teknisk Ukeblad Media AS},
issn={0040-2354},
}

@article{lehman,
title={The collpas of Lehman Brorthers: A case study},
url={https://www.investopedia.com/articles/economics/09/lehman-brothers-collapse.asp},
year={2017},
month={12},
journal={Investioedia},
author={Investopedia Staff},
}

@article{hbr_truth,
title={The Truth About Blockchain},
author={Marco Iansiti and Karim R. Lakhani},
url={https://hbr.org/2017/01/the-truth-about-blockchain},
journal={Harvard Business Review},
year={2017},
month={01},
}

@online{nakamoto_trust,
title={Bitcoin open source implementation of P2P currency},
author={Satoshi Nakamoto},
url={http://p2pfoundation.ning.com/forum/topics/bitcoin-open-source},
}

@online{ip,
title={Virtual Money - at Your Own Risk},
year={2014},
month={11},
organization={University of Luxembourg},
url={https://wwwen.uni.lu/university/news/latest_news/virtual_money_at_your_own_risk},
}

@online{flask,
title={Flask - Web Development One Drop at a Time},
url={http://flask.pocoo.org/docs/1.0/},
urldate = {2018-05-25},
}

@online{ecdsa, 
title={Pure-Python ECDSA},
url={https://github.com/warner/python-ecdsa},
urldate= {2018-05-25},
}

@book{timneypower,
title={Power for the People: Protecting States' Energy Policy Interests in an Era of Deregulation: Protecting States' Energy Policy Interests in an Era of Deregulation},
author={Timney, Mary M},
year={2015},
publisher={Routledge},
isbn = {9781317462293},
pages={},
}

@article{tracing,
title={Tracing the flow of electricity},
author={Bialek, Janusz},
journal={IEE Proceedings-Generation, Transmission and Distribution},
volume={143},
number={4},
pages={313--320},
year={1996},
publisher={IET}
}

@article{szabo,
issn = "13960466",
journal = "First Monday",
volume = "2",
number = "9",
year = "1997",
title = "Formalizing and Securing Relationships on Public Networks",
author = "Szabo, Nick",
month = "09",
}

@inproceedings{dao,
title={A survey of attacks on Ethereum smart contracts (SoK)},
author={Atzei, Nicola and Bartoletti, Massimo and Cimoli, Tiziana},
booktitle={International Conference on Principles of Security and Trust},
pages={164--186},
year={2017},
organization={Springer}
}

@article{store,
url={https://www.tu.no/artikler/vil-lagre-dine-stromdata-i-ti-ar/235540},
journal={Teknisk Ukeblad},
year={2012},
urldate={2018-05-30},
title={Vil lagre dine strømdta i 10 år},
author={7},
month={Leif Hamnes, Øyvind Lie},
}